@article{collobert2011natural,
  title={Natural language processing (almost) from scratch},
  author={Collobert, Ronan and Weston, Jason and Bottou, L{\'e}on and Karlen, Michael and Kavukcuoglu, Koray and Kuksa, Pavel},
  journal={The Journal of Machine Learning Research},
  volume={12},
  pages={2493--2537},
  year={2011},
  publisher={JMLR. org}
}

@inproceedings{labeau2015non,
  title={Non-lexical neural architecture for fine-grained POS Tagging},
  author={Labeau, Matthieu and L{\"o}ser, Kevin and Allauzen, Alexandre and von Neumann, Rue John},
  booktitle={Proceedings of the 2015 Conference on Empirical Methods in Natural Language Processing},
  pages={232--237},
  year={2015}
}

@article{zheng2015conditional,
  title={Conditional random fields as recurrent neural networks},
  author={Zheng, Shuai and Jayasumana, Sadeep and Romera-Paredes, Bernardino and Vineet, Vibhav and Su, Zhizhong and Du, Dalong and Huang, Chang and Torr, Philip},
  journal={arXiv preprint arXiv:1502.03240},
  year={2015}
}

@inproceedings{santos2014learning,
  title={Learning character-level representations for part-of-speech tagging},
  author={Santos, Cicero D and Zadrozny, Bianca},
  booktitle={Proceedings of the 31st International Conference on Machine Learning (ICML-14)},
  pages={1818--1826},
  year={2014}
}

@article{pradhan2014semeval,
  title={Semeval-2014 task 7: Analysis of clinical text},
  author={Pradhan, Sameer and Elhadad, No{\'e}mie and Chapman, Wendy and Manandhar, Suresh and Savova, Guergana},
  journal={SemEval 2014},
  volume={199},
  number={99},
  pages={54},
  year={2014}
}

@article{tang2014uth_ccb,
  title={UTH\_CCB: A Report for SemEval 2014--Task 7 Analysis of Clinical Text},
  author={Zhang, Yaoyun and Wang, Jingqi and Tang, Buzhou and Wu, Yonghui and Jiang, Min and Chen, Yukun and Xu, Hua},
  journal={SemEval 2014},
  pages={802},
  year={2014}
}

@article{elhadad298semeval,
  title={SemEval-2015 Task 14: Analysis of Clinical Text},
  author={Elhadad, No{\'e}mie and Pradhan, Sameer and Gorman, Sharon Lipsky and Manandhar, Suresh and Chapman, Wendy and Savova, Guergana},
  journal={Notes},
  volume={298},
  number={133},
  pages={100}
}

@article{glavavstakelab,
  title={TAKELAB: Medical Information Extraction and Linking with MINERAL},
  author={Glava{\v{s}}, Goran}
}

@article{pathak2015ezdi,
  title={ezDI: A Supervised NLP System for Clinical Narrative Analysis},
  author={Pathak, Parth and Patel, Pinal and Panchal, Vishal and Soni, Sagar and Dani, Kinjal and Choudhary, Narayan and Patel, Amrish},
  journal={SemEval-2015},
  pages={412},
  year={2015}
}

@article{xu2015uth,
  title={UTH-CCB: The Participation of the SemEval 2015 Challenge--Task 14},
  author={Xu, Jun and Zhang, Yaoyun and Wang, Jingqi and Wu, Yonghui and Jiang, Min and Soysal, Ergin and Xu, Hua},
  journal={Proceedings of SemEval-2015},
  year={2015}
}
